@misc{pozyx2018pozyx,
  title={POZYX accurate positioning},
  author={Labs, Pozyx},
  year={2018}
}

@incollection{custers2016drones,
  title={Drones Here, There and Everywhere Introduction and Overview},
  author={Custers, Bart},
  booktitle={The Future of Drone Use},
  pages={3--20},
  year={2016},
  publisher={Springer}
}

@book{ardupilotadvanced,
  title={Advanced Robotic Vehicles Programming},
  author={Mendoza-Mendoza, Julio Alberto and Gonzalez-Villela, Victor and Sepulveda-Cervantes, Gabriel and Mendez-Martinez, Mauricio and Sossa-Azuela, Humberto},
  year={2020},
  publisher={Springer}
}