%% This BibTeX bibliography file was created using BibDesk.
%% http://bibdesk.sourceforge.net/

%% Saved with string encoding Unicode (UTF-8)

@misc{pozyx2018pozyx,
  title={POZYX accurate positioning},
  author={Labs, Pozyx},
  year={2018}
}

@incollection{custers2016drones,
  title={Drones Here, There and Everywhere Introduction and Overview},
  author={Custers, Bart},
  booktitle={The Future of Drone Use},
  pages={3--20},
  year={2016},
  publisher={Springer}
}

@book{ardupilotadvanced,
  title={Advanced Robotic Vehicles Programming},
  author={Mendoza-Mendoza, Julio Alberto and Gonzalez-Villela, Victor and Sepulveda-Cervantes, Gabriel and Mendez-Martinez, Mauricio and Sossa-Azuela, Humberto},
  year={2020},
  publisher={Springer}
}

@article{deak2012survey,
  title={A survey of active and passive indoor localisation systems},
  author={Deak, Gabriel and Curran, Kevin and Condell, Joan},
  journal={Computer Communications},
  volume={35},
  number={16},
  pages={1939--1954},
  year={2012},
  publisher={Elsevier}
}